@book{Shalev2014,
  title={Understanding machine learning: From theory to algorithms},
  author={Shalev-Shwartz, Shai and Ben-David, Shai},
  year={2014},
  publisher={Cambridge university press}
}

@article{Callaham2021nonlinear,
  title={Nonlinear stochastic modelling with Langevin regression},
  author={Callaham, Jared L and Loiseau, J-C and Rigas, Georgios and Brunton, Steven L},
  journal={Proceedings of the Royal Society A},
  volume={477},
  number={2250},
  pages={20210092},
  year={2021},
  publisher={The Royal Society Publishing}
}

@article{Moler2003,
  title={Nineteen dubious ways to compute the exponential of a matrix, twenty-five years later},
  author={Moler, Cleve and Van Loan, Charles},
  journal={SIAM review},
  volume={45},
  number={1},
  pages={3--49},
  year={2003},
  publisher={SIAM}
}
